
@article{ashaberAnatomyActivityPatterns2021,
  title = {Anatomy and Activity Patterns in a Multifunctional Motor Neuron and Its Surrounding Circuits},
  author = {Ashaber, M{\'a}ria and Tomina, Yusuke and Kassraian, Pegah and Bushong, Eric A and Kristan, Jnr, William B and Ellisman, Mark H and Wagenaar, Daniel A},
  editor = {Thirumalai, Vatsala},
  year = {2021},
  month = feb,
  publisher = {{eLife Sciences Publications, Ltd}},
  doi = {10.7554/eLife.61881},
  journal = {eLife}
}

@book{battagliaNeuralConnectomicsChallenge2017,
  title = {Neural {{Connectomics Challenge}}},
  editor = {Battaglia, Demian and Guyon, Isabelle and Lemaire, Vincent and Orlandi, Javier and Ray, Bisakha and Soriano, Jordi},
  year = {2017},
  publisher = {{Springer International Publishing}},
  doi = {10.1007/978-3-319-53070-3},
  isbn = {978-3-319-53069-7},
  series = {The {{Springer Series}} on {{Challenges}} in {{Machine Learning}}}
}

@article{casadiegoInferringNetworkConnectivity2018,
  title = {Inferring {{Network Connectivity}} from {{Event Timing Patterns}}},
  author = {Casadiego, Jose and Maoutsa, Dimitra and Timme, Marc},
  year = {2018},
  doi = {10.1103/PhysRevLett.121.054101},
  journal = {Physical Review Letters}
}

@incollection{czarneckiNeuralConnectivityReconstruction2017,
  title = {Neural {{Connectivity Reconstruction}} from {{Calcium Imaging Signal Using Random Forest}} with {{Topological Features}}},
  booktitle = {Neural {{Connectomics Challenge}}},
  author = {Czarnecki, Wojciech M. and Jozefowicz, Rafal},
  editor = {Battaglia, Demian and Guyon, Isabelle and Lemaire, Vincent and Orlandi, Javier and Ray, Bisakha and Soriano, Jordi},
  year = {2017},
  publisher = {{Springer International Publishing}},
  doi = {10.1007/978-3-319-53070-3_6},
  isbn = {978-3-319-53070-3},
  series = {The {{Springer Series}} on {{Challenges}} in {{Machine Learning}}}
}

@article{dasSystematicErrorsConnectivity2020,
  title = {Systematic Errors in Connectivity Inferred from Activity in Strongly Recurrent Networks},
  author = {Das, Abhranil and Fiete, Ila R.},
  year = {2020},
  month = oct,
  publisher = {{Nature Publishing Group}},
  doi = {10.1038/s41593-020-0699-2},
  annotation = {Bandiera\_abtest: a Cg\_type: Nature Research Journals Primary\_atype: Research Subject\_term: Computational neuroscience;Network models;Neural circuits Subject\_term\_id: computational-neuroscience;network-models;neural-circuit},
  journal = {Nature Neuroscience}
}

@article{garofaloEvaluationPerformanceInformation2009,
  title = {Evaluation of the {{Performance}} of {{Information Theory}}-{{Based Methods}} and {{Cross}}-{{Correlation}} to {{Estimate}} the {{Functional Connectivity}} in {{Cortical Networks}}},
  author = {Garofalo, Matteo and Nieus, Thierry and Massobrio, Paolo and Martinoia, Sergio},
  year = {2009},
  month = aug,
  doi = {10.1371/journal.pone.0006482},
  journal = {PLOS ONE}
}

@article{gerhardSuccessfulReconstructionPhysiological2013,
  title = {Successful {{Reconstruction}} of a {{Physiological Circuit}} with {{Known Connectivity}} from {{Spiking Activity Alone}}},
  author = {Gerhard, Felipe and Kispersky, Tilman and Gutierrez, Gabrielle J. and Marder, Eve and Kramer, Mark and Eden, Uri},
  year = {2013},
  month = jul,
  doi = {10.1371/journal.pcbi.1003138},
  journal = {PLOS Computational Biology}
}

@inproceedings{guyonDesignFirstNeuronal2014,
  title = {Design of the First Neuronal Connectomics Challenge: {{From}} Imaging to Connectivity},
  shorttitle = {Design of the First Neuronal Connectomics Challenge},
  booktitle = {2014 {{International Joint Conference}} on {{Neural Networks}} ({{IJCNN}})},
  author = {Guyon, I. and Battaglia, D. and Guyon, A. and Lemaire, V. and Orlandi, J. G. and Ray, B. and Saeed, M. and Soriano, J. and Statnikov, A. and Stetter, O.},
  year = {2014},
  month = jul,
  doi = {10.1109/IJCNN.2014.6889913}
}

@article{itoExtendingTransferEntropy2011,
  title = {Extending {{Transfer Entropy Improves Identification}} of {{Effective Connectivity}} in a {{Spiking Cortical Network Model}}},
  author = {Ito, Shinya and Hansen, Michael E. and Heiland, Randy and Lumsdaine, Andrew and Litke, Alan M. and Beggs, John M.},
  year = {2011},
  month = nov,
  publisher = {{Public Library of Science}},
  doi = {10.1371/journal.pone.0027431},
  journal = {PLOS ONE}
}

@article{magransdeabrilConnectivityInferenceNeural2018,
  title = {Connectivity Inference from Neural Recording Data: {{Challenges}}, Mathematical Bases and Research Directions},
  shorttitle = {Connectivity Inference from Neural Recording Data},
  author = {{Magrans de Abril}, Ildefons and Yoshimoto, Junichiro and Doya, Kenji},
  year = {2018},
  month = jun,
  doi = {10.1016/j.neunet.2018.02.016},
  journal = {Neural Networks}
}

@incollection{orlandiFirstConnectomicsChallenge2017,
  title = {First {{Connectomics Challenge}}: {{From Imaging}} to {{Connectivity}}},
  shorttitle = {First {{Connectomics Challenge}}},
  booktitle = {Neural {{Connectomics Challenge}}},
  author = {Orlandi, Javier and Ray, Bisakha and Battaglia, Demian and Guyon, Isabelle and Lemaire, Vincent and Saeed, Mehreen and Statnikov, Alexander and Stetter, Olav and Soriano, Jordi},
  editor = {Battaglia, Demian and Guyon, Isabelle and Lemaire, Vincent and Orlandi, Javier and Ray, Bisakha and Soriano, Jordi},
  year = {2017},
  publisher = {{Springer International Publishing}},
  doi = {10.1007/978-3-319-53070-3_1},
  isbn = {978-3-319-53069-7 978-3-319-53070-3}
}

@article{orlandiTransferEntropyReconstruction2014,
  title = {Transfer {{Entropy Reconstruction}} and {{Labeling}} of {{Neuronal Connections}} from {{Simulated Calcium Imaging}}},
  author = {Orlandi, Javier G. and Stetter, Olav and Soriano, Jordi and Geisel, Theo and Battaglia, Demian},
  year = {2014},
  month = jun,
  publisher = {{Public Library of Science}},
  doi = {10.1371/journal.pone.0098842},
  journal = {PLOS ONE}
}

@article{paninskiInferringSynapticInputs2012,
  title = {Inferring Synaptic Inputs given a Noisy Voltage Trace via Sequential {{Monte Carlo}} Methods},
  author = {Paninski, Liam and Vidne, Michael and DePasquale, Brian and Ferreira, Daniel Gil},
  year = {2012},
  month = aug,
  doi = {10.1007/s10827-011-0371-7},
  journal = {Journal of Computational Neuroscience}
}

@article{pillowSpatiotemporalCorrelationsVisual2008,
  title = {Spatio-Temporal Correlations and Visual Signalling in a Complete Neuronal Population},
  author = {Pillow, Jonathan W. and Shlens, Jonathon and Paninski, Liam and Sher, Alexander and Litke, Alan M. and Chichilnisky, E. J. and Simoncelli, Eero P.},
  year = {2008},
  month = aug,
  publisher = {{Nature Publishing Group}},
  doi = {10.1038/nature07140},
  annotation = {Bandiera\_abtest: a Cg\_type: Nature Research Journals Primary\_atype: Research},
  journal = {Nature}
}

@article{radosevicDecouplingTimescalesReveals2019,
  title = {Decoupling of Timescales Reveals Sparse Convergent {{CPG}} Network in the Adult Spinal Cord},
  author = {Radosevic, Marija and Willumsen, Alex and Petersen, Peter C. and Lind{\'e}n, Henrik and Vestergaard, Mikkel and Berg, Rune W.},
  year = {2019},
  month = jul,
  doi = {10.1038/s41467-019-10822-9},
  journal = {Nature Communications}
}

@incollection{romaszkoSignalCorrelationPrediction2017,
  title = {Signal {{Correlation Prediction Using Convolutional Neural Networks}}},
  booktitle = {Neural {{Connectomics Challenge}}},
  author = {Romaszko, Lukasz},
  editor = {Battaglia, Demian and Guyon, Isabelle and Lemaire, Vincent and Orlandi, Javier and Ray, Bisakha and Soriano, Jordi},
  year = {2017},
  publisher = {{Springer International Publishing}},
  doi = {10.1007/978-3-319-53070-3_4},
  isbn = {978-3-319-53069-7 978-3-319-53070-3}
}

@article{stetterModelFreeReconstructionExcitatory2012,
  title = {Model-{{Free Reconstruction}} of {{Excitatory Neuronal Connectivity}} from {{Calcium Imaging Signals}}},
  author = {Stetter, Olav and Battaglia, Demian and Soriano, Jordi and Geisel, Theo},
  year = {2012},
  month = aug,
  publisher = {{Public Library of Science}},
  doi = {10.1371/journal.pcbi.1002653},
  journal = {PLOS Computational Biology}
}

@incollection{suteraSimpleConnectomeInference2017,
  title = {Simple {{Connectome Inference}} from {{Partial Correlation Statistics}} in {{Calcium Imaging}}},
  booktitle = {Neural {{Connectomics Challenge}}},
  author = {Sutera, Antonio and Joly, Arnaud and {Franois-Lavet}, Vincent and Aaron Qiu, Zixiao and Louppe, Gilles and Ernst, Damien and Geurts, Pierre},
  editor = {Battaglia, Demian and Guyon, Isabelle and Lemaire, Vincent and Orlandi, Javier and Ray, Bisakha and Soriano, Jordi},
  year = {2017},
  publisher = {{Springer International Publishing}},
  doi = {10.1007/978-3-319-53070-3_2},
  isbn = {978-3-319-53069-7 978-3-319-53070-3}
}

@inproceedings{veeriahDeepLearningArchitecture2015,
  title = {Deep {{Learning Architecture}} with {{Dynamically Programmed Layers}} for {{Brain Connectome Prediction}}},
  booktitle = {Proceedings of the 21th {{ACM SIGKDD International Conference}} on {{Knowledge Discovery}} and {{Data Mining}}},
  author = {Veeriah, Vivek and Durvasula, Rohit and Qi, Guo-Jun},
  year = {2015},
  month = aug,
  publisher = {{Association for Computing Machinery}},
  doi = {10.1145/2783258.2783399},
  isbn = {978-1-4503-3664-2},
  series = {{{KDD}} '15}
}

@article{walkerOpticalSpikeDetection2021,
  title = {Optical {{Spike Detection}} and {{Connectivity Analysis With}} a {{Far}}-{{Red Voltage}}-{{Sensitive Fluorophore Reveals Changes}} to {{Network Connectivity}} in {{Development}} and {{Disease}}},
  author = {Walker, Alison S. and Raliski, Benjamin K. and Karbasi, Kaveh and Zhang, Patrick and Sanders, Kate and Miller, Evan W.},
  year = {2021},
  publisher = {{Frontiers}},
  doi = {10.3389/fnins.2021.643859},
  journal = {Frontiers in Neuroscience}
}

@article{youngInferringFunctionalConnectivity2021,
  title = {Inferring Functional Connectivity through Graphical Directed Information},
  author = {Young, Joseph and Neveu, Curtis L. and Byrne, John H. and Aazhang, Behnaam},
  year = {2021},
  month = mar,
  publisher = {{IOP Publishing}},
  doi = {10.1088/1741-2552/abecc6},
  journal = {Journal of Neural Engineering}
}

@article{zhangSpikeTriggeredRegressionSynaptic2017,
  title = {Spike-{{Triggered Regression}} for {{Synaptic Connectivity Reconstruction}} in {{Neuronal Networks}}},
  author = {Zhang, Yaoyu and Xiao, Yanyang and Zhou, Douglas and Cai, David},
  year = {2017},
  publisher = {{Frontiers}},
  doi = {10.3389/fncom.2017.00101},
  journal = {Frontiers in Computational Neuroscience}
}


