@article{Abdelfattah2019BrightPhotostableChemigenetic,
  title = {Bright and Photostable Chemigenetic Indicators for Extended in Vivo Voltage Imaging},
  author = {Abdelfattah, Ahmed S. and Kawashima, Takashi and Singh, Amrita and Novak, Ondrej and Liu, Hui and Shuai, Yichun and Huang, Yi-Chieh and Campagnola, Luke and Seeman, Stephanie C. and Yu, Jianing and Zheng, Jihong and Grimm, Jonathan B. and Patel, Ronak and Friedrich, Johannes and Mensh, Brett D. and Paninski, Liam and Macklin, John J. and Murphy, Gabe J. and Podgorski, Kaspar and Lin, Bei-Jung and Chen, Tsai-Wen and Turner, Glenn C. and Liu, Zhe and Koyama, Minoru and Svoboda, Karel and Ahrens, Misha B. and Lavis, Luke D. and Schreiter, Eric R.},
  date = {2019-08-16},
  journaltitle = {Science},
  eprint = {31371562},
  eprinttype = {pmid},
  doi = {10.1126/science.aav6416},
  url = {http://science.sciencemag.org/content/365/6454/699},
  langid = {english}
}

@article{Badel2008ExtractingNonlinearIntegrateandfire,
  title = {Extracting Non-Linear Integrate-and-Fire Models from Experimental Data Using Dynamic {{I}}–{{V}} Curves},
  author = {Badel, Laurent and Lefort, Sandrine and Berger, Thomas K. and Petersen, Carl C. H. and Gerstner, Wulfram and Richardson, Magnus J. E.},
  date = {2008-11-15},
  journaltitle = {Biological Cybernetics},
  shortjournal = {Biol Cybern},
  doi = {10.1007/s00422-008-0259-4},
  url = {https://doi.org/10.1007/s00422-008-0259-4},
  langid = {english}
}

@article{Brette2005AdaptiveExponentialIntegrateandFirea,
  title = {Adaptive {{Exponential Integrate-and-Fire Model}} as an {{Effective Description}} of {{Neuronal Activity}}},
  author = {Brette, Romain and Gerstner, Wulfram},
  date = {2005-11},
  journaltitle = {Journal of Neurophysiology},
  publisher = {{American Physiological Society}},
  doi = {10.1152/jn.00686.2005},
  url = {https://journals.physiology.org/doi/full/10.1152/jn.00686.2005}
}

@article{Brette2007SimulationNetworksSpiking,
  title = {Simulation of Networks of Spiking Neurons: {{A}} Review of Tools and Strategies},
  shorttitle = {Simulation of Networks of Spiking Neurons},
  author = {Brette, Romain and Rudolph, Michelle and Carnevale, Ted and Hines, Michael and Beeman, David and Bower, James M. and Diesmann, Markus and Morrison, Abigail and Goodman, Philip H. and Harris, Frederick C. and Zirpe, Milind and Natschläger, Thomas and Pecevski, Dejan and Ermentrout, Bard and Djurfeldt, Mikael and Lansner, Anders and Rochel, Olivier and Vieville, Thierry and Muller, Eilif and Davison, Andrew P. and El Boustani, Sami and Destexhe, Alain},
  date = {2007-12-01},
  journaltitle = {Journal of Computational Neuroscience},
  shortjournal = {J Comput Neurosci},
  doi = {10.1007/s10827-007-0038-6},
  url = {https://doi.org/10.1007/s10827-007-0038-6},
  langid = {english}
}

@book{Dayan2001TheoreticalNeuroscienceComputational,
  title = {Theoretical Neuroscience: Computational and Mathematical Modeling of Neural Systems},
  shorttitle = {Theoretical Neuroscience},
  author = {Dayan, Peter and Abbott, L. F.},
  date = {2001},
  series = {Computational Neuroscience},
  publisher = {{The MIT Press}},
  isbn = {978-0-262-04199-7},
  langid = {english},
  pagetotal = {460}
}

@article{Gerstner2009AdaptiveExponentialIntegrateandfire,
  title = {Adaptive Exponential Integrate-and-Fire Model},
  author = {Gerstner, Wulfram and Brette, Romain},
  date = {2009-06-11},
  journaltitle = {Scholarpedia},
  doi = {10.4249/scholarpedia.8427},
  url = {http://www.scholarpedia.org/article/Adaptive_exponential_integrate-and-fire_model},
  langid = {english}
}

@article{Hromadka2008SparseRepresentationSounds,
  title = {Sparse {{Representation}} of {{Sounds}} in the {{Unanesthetized Auditory Cortex}}},
  author = {Hromádka, Tomáš and DeWeese, Michael R. and Zador, Anthony M.},
  date = {2008-01-29},
  journaltitle = {PLOS Biology},
  shortjournal = {PLOS Biology},
  publisher = {{Public Library of Science}},
  doi = {10.1371/journal.pbio.0060016},
  url = {https://journals.plos.org/plosbiology/article?id=10.1371/journal.pbio.0060016},
  langid = {english}
}

@report{Humphries2006UnderstandingUsingIzhikevich,
  title = {Understanding and Using {{Izhikevich}}’s Simple Model Neuron},
  author = {Humphries, Mark D.},
  date = {2006-06-22},
  location = {{Unpublished}},
  annotation = {Received via email from Mark}
}

@book{Izhikevich2007DynamicalSystemsNeuroscience,
  title = {Dynamical {{Systems}} in {{Neuroscience}}: {{The Geometry}} of {{Excitability}} and {{Bursting}}},
  shorttitle = {Dynamical {{Systems}} in {{Neuroscience}}},
  author = {Izhikevich, Eugene M.},
  date = {2007},
  publisher = {{The MIT Press}},
  location = {{Cambridge, Mass.}},
  isbn = {978-0-262-51420-0},
  langid = {english},
  pagetotal = {464}
}

@article{Knopfel2019OpticalVoltageImaging,
  title = {Optical Voltage Imaging in Neurons: Moving from Technology Development to Practical Tool},
  shorttitle = {Optical Voltage Imaging in Neurons},
  author = {Knöpfel, Thomas and Song, Chenchen},
  date = {2019-12},
  journaltitle = {Nature Reviews Neuroscience},
  shortjournal = {Nat Rev Neurosci},
  doi = {10.1038/s41583-019-0231-4},
  url = {http://www.nature.com/articles/s41583-019-0231-4},
  langid = {english}
}

@article{Naud2008FiringPatternsAdaptive,
  title = {Firing Patterns in the Adaptive Exponential Integrate-and-Fire Model},
  author = {Naud, Richard and Marcille, Nicolas and Clopath, Claudia and Gerstner, Wulfram},
  date = {2008-11-15},
  journaltitle = {Biological Cybernetics},
  shortjournal = {Biol Cybern},
  doi = {10.1007/s00422-008-0264-7},
  url = {https://doi.org/10.1007/s00422-008-0264-7},
  langid = {english}
}

@article{OConnor2010NeuralActivityBarrel,
  title = {Neural {{Activity}} in {{Barrel Cortex Underlying Vibrissa-Based Object Localization}} in {{Mice}}},
  author = {O'Connor, Daniel H. and Peron, Simon P. and Huber, Daniel and Svoboda, Karel},
  date = {2010-09-23},
  journaltitle = {Neuron},
  shortjournal = {Neuron},
  eprint = {20869600},
  eprinttype = {pmid},
  publisher = {{Elsevier}},
  doi = {10.1016/j.neuron.2010.08.026},
  url = {https://www.cell.com/neuron/abstract/S0896-6273(10)00636-7},
  langid = {english}
}

@article{Roxin2011DistributionFiringRates,
  title = {On the {{Distribution}} of {{Firing Rates}} in {{Networks}} of {{Cortical Neurons}}},
  author = {Roxin, Alex and Brunel, Nicolas and Hansel, David and Mongillo, Gianluigi and family=Vreeswijk, given=Carl, prefix=van, useprefix=false},
  date = {2011-11-09},
  journaltitle = {Journal of Neuroscience},
  shortjournal = {J. Neurosci.},
  eprint = {22072673},
  eprinttype = {pmid},
  publisher = {{Society for Neuroscience}},
  doi = {10.1523/JNEUROSCI.1677-11.2011},
  url = {https://www.jneurosci.org/content/31/45/16217},
  langid = {english}
}

@article{Sadeh2021ExcitatoryinhibitoryBalanceModulates,
  title = {Excitatory-Inhibitory Balance Modulates the Formation and Dynamics of Neuronal Assemblies in Cortical Networks},
  author = {Sadeh, Sadra and Clopath, Claudia},
  date = {2021-11-03},
  journaltitle = {Science Advances},
  publisher = {{American Association for the Advancement of Science}},
  doi = {10.1126/sciadv.abg8411},
  url = {https://www.science.org/doi/10.1126/sciadv.abg8411}
}

@article{Stimberg2019BrianIntuitiveEfficient,
  title = {Brian 2, an Intuitive and Efficient Neural Simulator},
  author = {Stimberg, Marcel and Brette, Romain and Goodman, Dan FM},
  editor = {Skinner, Frances K and Calabrese, Ronald L and Skinner, Frances K and Zeldenrust, Fleur and Gerkin, Richard C},
  date = {2019-08-20},
  journaltitle = {eLife},
  doi = {10.7554/eLife.47314},
  url = {https://doi.org/10.7554/eLife.47314}
}

@article{Villette2019UltrafastTwoPhotonImaging,
  title = {Ultrafast {{Two-Photon Imaging}} of a {{High-Gain Voltage Indicator}} in {{Awake Behaving Mice}}},
  author = {Villette, Vincent and Chavarha, Mariya and Dimov, Ivan K. and Bradley, Jonathan and Pradhan, Lagnajeet and Mathieu, Benjamin and Evans, Stephen W. and Chamberland, Simon and Shi, Dongqing and Yang, Renzhi and Kim, Benjamin B. and Ayon, Annick and Jalil, Abdelali and St-Pierre, François and Schnitzer, Mark J. and Bi, Guoqiang and Toth, Katalin and Ding, Jun and Dieudonné, Stéphane and Lin, Michael Z.},
  date = {2019-12-12},
  journaltitle = {Cell},
  shortjournal = {Cell},
  doi = {10.1016/j.cell.2019.11.004},
  url = {http://www.sciencedirect.com/science/article/pii/S0092867419312255},
  langid = {english}
}
